@book{Hopcroft__Motwani__Ullman__2005,
  title     = {Wprowadzenie do Teorii automatów, języków i obliczń},
  author    = {J.E. Hopcroft, R. Motwani, J.D. Ullman},
  publisher = {Wydawnictwo Naukowe PWN},
  year      = 2005,
  language  = {pl},
  isbn      = {8301145021}
}

@book{Aho__Sethi__Ullman__1985,
  title     = {Compilers},
  author    = {Aho, Alfred V and Sethi, Ravi and Ullman, Jeffrey D},
  publisher = {Addison Wesley},
  month     = jan,
  year      = 1985,
  address   = {Boston, MA},
  language  = {en},
  isbn      = {9780201101942}
}

@book{Sikkel__Klaas__1996,
  title     = {Parsing schemata},
  author    = {Sikkel, Klaas},
  publisher = {Springer},
  series    = {Texts in Theoretical Computer Science. An EATCS Series},
  edition   = 1997,
  month     = dec,
  year      = 1996,
  address   = {Berlin, Germany},
  language  = {en},
  isbn      = {9783642605413}
}


@book{Pierce__Benjamin__C__2002,
  title     = {Types and Programming Languages},
  author    = {Pierce, Benjamin C},
  publisher = {MIT Press},
  series    = {The MIT Press},
  month     = jan,
  year      = 2002,
  address   = {London, England},
  language  = {en},
  isbn      = {0262162091}
}


@article{Milner__1978,
  author  = {Robin Milner},
  title   = {A theory of type polymorphism in programming},
  journal = {Journal of Computer and System Sciences},
  year    = {1978},
  volume  = {17},
  pages   = {348--375}
}

@inproceedings{Damas__Milner__1982,
  author    = {Luis Damas and Robin Milner},
  title     = {Principal type-schemes for functional programs},
  booktitle = {Proceedings of the 9th ACM SIGPLAN-SIGACT symposium on Principles of Programming Languages},
  year      = {1982},
  pages     = {207--212}
}

@inproceedings{Augustsson__1985,
  author    = {Lennart Augustsson},
  title     = {Compiling pattern matching},
  booktitle = {Proc. of a conference on Functional programming languages and computer architecture},
  year      = {1985},
  month     = jan,
  address   = {Berlin , Heidelberg},
  publisher = {Springer-Verlag}
}

@techreport{Scott__Ramsey__2000,
  author      = {Kevin Scott and Norman Ramsey},
  title       = {When Do Match-compilation Heuristics Matter?},
  year        = {2000},
  institution = {University of Virginia},
  address     = {USA}
}

@inproceedings{Maranget__2008,
  author    = {Luc Maranget},
  title     = {Compiling pattern matching to good decision trees},
  booktitle = {Proceedings of the 2008 ACM SIGPLAN workshop on ML},
  year      = {2008},
  month     = sep,
  address   = {USA, NY},
  publisher = {Association for Computing Machinery},
  pages     = {35--46}
}