@BOOK{Hopcroft__Motwani__Ullman__2005,
  title     = "Wprowadzenie do Teorii automatów, języków i obliczń",
  author    = "J.E. Hopcroft, R. Motwani, J.D. Ullman",
  publisher = "Wydawnictwo Naukowe PWN",
  year      = 2005,
  language  = "pl",
  isbn      = "8301145021"
}

@BOOK{Aho__Sethi__Ullman__1985,
  title     = "Compilers",
  author    = "Aho, Alfred V and Sethi, Ravi and Ullman, Jeffrey D",
  publisher = "Addison Wesley",
  month     =  jan,
  year      =  1985,
  address   = "Boston, MA",
  language  = "en",
  isbn      = "9780201101942"
}

@BOOK{Sikkel__Klaas__1996,
  title     = "Parsing schemata",
  author    = "Sikkel, Klaas",
  publisher = "Springer",
  series    = "Texts in Theoretical Computer Science. An EATCS Series",
  edition   =  1997,
  month     =  dec,
  year      =  1996,
  address   = "Berlin, Germany",
  language  = "en",
  isbn      = "9783642605413"
}


@BOOK{Pierce__Benjamin__C__2002,
  title     = "Types and Programming Languages",
  author    = "Pierce, Benjamin C",
  publisher = "MIT Press",
  series    = "The MIT Press",
  month     =  jan,
  year      =  2002,
  address   = "London, England",
  language  = "en",
  isbn      = "0262162091"
}
